
@inproceedings{lass2010xo,
	title={XO: XMPP Overlay Service for Distributed Chat},
	author={Robert N. Lass and Joseph Macker and David Millar and William
		C. Regli and Ian Taylor},
	booktitle={Military Communications Conference},
	pages={1116--1121},
	year={2010}
}

@inproceedings{skjegstad2011dchat,
	title={Distributed chat in dynamic networks},
	author={Magnus Skjegstad and Ketil Lund and Espen Skjervold and Frank T. 
		Johnsen},
	booktitle={Military Communications Conference},
	pages={1651--1657},
	year={2011}
}

