@MISC{Gunn92thesloan,
    author = {James Gunn and David H. Weinberg},
    title = {The Sloan Digital Sky Survey},
    year = {1992}
}

@MISC{And_discoveryof,
    author = {Milani And and A. Milani and A. Villani and M. Stiavelli},
    title = {Discovery Of Very Small Asteroids By Automated Trail Detection},
    year = {}
}

@ONLINE{pybrain,
author = {Tom Schaul and Justin Bayer and Daan Wierstra and Sun Yi and Martin
Felder and Frank Sehnke and Thomas Rückstieß and Jürgen Schmidhuber},
title = {Pybrain},
year = {2010},
url = {http://pybrain.org/}
}
